@article{Friedlingstein,
    author = "P Friedlingstein et al",
    title = "Update on CO2 emissions",
    journal = "Nat. Geosci",
    pages = "811–812",
    year = "2010",
    keywords = "Co2 emissions"
    }
    
@book{MEHTA,
    title = {Principles of Electronics},
    author = {V.K. MEHTA and ROHIT MEHTA},
    series = {Eleventh Edition},
    pages = {76--124},
    year = {2008},
    publisher = {S.Chand and Company LTD},
    keywords = {electronics}
    }
    
@book{T.AI-Shemmeri,
    title = {Wind Turbine},
    author = {T.AI-Shemmeri},
    series = {Eleventh Edition},
    pages = {76--124},
    year = {2010},
    publisher = {Ventus Publishing ApS},
    keywords = {Wind Turbines}
    }

@online{Circuitstodaywebsite,
    author = "Circuits Today",
    title = "Circuits Today: Full Wave Bridge Rectifiers",
    url  = "http://www.circuitstoday.com/full-wave-bridge-rectifier",
    addendum = "(accessed: 10.09.2019)",
    keywords = "circuitstoday"
}
 
@online{Electronicstutorialwebsite,
    author = "Electronics Tutorial",
    title = "Electronics Tutorial: The Zener Diode",
    url  = "https://www.electronics-tutorials.ws/diode/diode_7.html",
    addendum = "(accessed: 10.09.2019)",
    keywords = "Electronicstutorial"
}
@online{Energy.govwebsite,
    author = "Energy.gov",
    title = "How Do Wind Turbine Work",
    url  = "https://www.energy.gov/eere/wind/how-do-wind-turbines-work",
    addendum = "(accessed: 11.09.2019)",
    keywords = "Energy.gov"
}
@online{windpowerprogramwebsite,
    author = "Energy.gov",
    title = "Wind power program",
    url  = "http://www.wind-power-program.com/popups/powercurve.htm",
    addendum = "(accessed: 11.09.2019)",
    keywords = "Windpowerprogram"
}
@article{Bruce,
    author = "Bruce Nordman and Lawrence Berkeley",
    title = "Nanogrids",
    journal = "Evolving our electricity systems from the bottom",
    year = "2010",
    DOI = "http://assets.fiercemarkets.net/public/smartgridnews/Smart_Grid_News_-_LBNL_Nanogrid_Report.pdf",
    keywords = "Nanogrids"
}
@article{Burmester,
    author = "Daniel Burmester et al",
    title = "A review of nanogrid topologies and technologies",
    journal = "Renewable and sustainable energy reviews",
    pages = "762 - 765",
    year = "2016",
    URL = "www.elsevier.com/locate/rser",
    keywords = "Nanogrids microgrids renewable energy distributed generation"
}
@article{Paliwal,
    author = "Paliwal P et al",
    title = "Planning of grid integrated distributed generators:a review of technology,objectives and techniques",
    journal = "Renew Sustain Energy Rev",
    pages = "40:557–70",
    year = "2014",
    DOI = "http://dx.doi.org/10.1016/j.rser.2014.07.200",
    keywords = "Distributed generators, renewable energy generation"
}
@article{AghaeiJ,
    author = "AghaeiJ and AlizadehM-I.",
    title = "Demand response in smart electricity grids equipped with renewable energy sources: a review",
    journal = "Renew Sustain Energy Rev 2013",
    pages = "18, 64 - 27",
    year = "2013",
    DOI = "http://dx.doi.org/10.1016/j.rser.2012.09.019",
    keywords = "Renewable energy, microgrids, nanogrids"
}
@article{PlanasE,
    author = "Planas E et al",
    title = "AC and DC technology in microgrids: a review",
    journal = "Renew Sustain Energy Rev",
    pages = "43:726–49",
    year = "2015",
    DOI = "http://dx.doi.org/10.1016/j.rser.2014.11.067",
    keywords = "Renewable energy, microgrids, nanogrids"
}